<?xml version="1.0" encoding="UTF-8"?><collection xmlns="http://www.loc.gov/MARC21/slim"><record><leader>00505nam--2200169-i-4500</leader><controlfield tag="001">000043614</controlfield><controlfield tag="002">20161230</controlfield><controlfield tag="005">20161230201044</controlfield><controlfield tag="008">060222s1000------------r-----000-0-eng-d</controlfield><datafield ind1=" " ind2=" " tag="040"><subfield code="a">IFIN-HH</subfield></datafield><datafield ind1=" " ind2=" " tag="080"><subfield code="a">539.12.162.8(075.9)</subfield></datafield><datafield ind1="1" ind2=" " tag="100"><subfield code="a">Moorhouse, R.G</subfield></datafield><datafield ind1="1" ind2="0" tag="245"><subfield code="a">Strong interactions and high energy physics</subfield><subfield code="b">Scottish universitie`s summer school 1963</subfield><subfield code="c">R.g. moorhouse (ed.)</subfield></datafield><datafield ind1=" " ind2=" " tag="260"><subfield code="a">Edinburgh</subfield><subfield code="b">Oliver &amp; Boyd</subfield><subfield code="c">1964</subfield></datafield><datafield ind1=" " ind2=" " tag="300"><subfield code="a">XVI+475P</subfield></datafield><datafield ind1=" " ind2=" " tag="852"><subfield code="a">19751</subfield><subfield code="c">539.12</subfield></datafield><datafield ind1=" " ind2=" " tag="CAT"><subfield code="a">Sys</subfield><subfield code="c">20111103</subfield><subfield code="h">134422</subfield></datafield></record></collection>